@article{flavell2013conservative,
  title={A Conservative Finite Difference Scheme for Poisson-Nernst-Planck Equations},
  author={Flavell, Allen and Machen, Michael and Eisenberg, Bob and Liu, Chun and Li, Xiaofan},
  journal={arXiv preprint arXiv:1303.3769},
  year={2013}
}

@article{edwards2011nonlinear,
  title={Nonlinear variants of the TR/BDF2 method for thermal radiative diffusion},
  author={Edwards, Jarrod D and Morel, Jim E and Knoll, Dana A},
  journal={Journal of Computational Physics},
  volume={230},
  number={4},
  pages={1198--1214},
  year={2011},
  publisher={Elsevier}
}

@article{bathe2005composite,
  title={On a composite implicit time integration procedure for nonlinear dynamics},
  author={Bathe, Klaus-J{\"u}rgen and Baig, Mirza M Irfan},
  journal={Computers \& Structures},
  volume={83},
  number={31},
  pages={2513--2524},
  year={2005},
  publisher={Elsevier}
}

@article{duffy2004critique,
  title={A Critique of the Crank Nicolson Scheme Strengths and Weaknesses for Financial Instrument Pricing},
  author={Danie Duffy},
  journal={Wilmott Magazine},
  year={2004}
}  
@inproceedings{lawson1976simple,
  title={A simple efficient algorithm for the solution of heat conduction problems},
  author={Lawson, JD and Swayne, DA},
  booktitle={Proc. 6th Manitoba Conf. Numer. Math},
  pages={239--250},
  year={1976}
}

@article{johnson2009arbitrage,
  title={Arbitrage-free construction of the swaption cube},
  author={Johnson, Simon and Nonas, Bereshad},
  journal={Wilmott Journal},
  volume={1},
  number={3},
  pages={137--143},
  year={2009},
  publisher={Wiley Online Library}
}

@book{morton2005numerical,
  title={Numerical solution of partial differential equations: an introduction},
  author={Morton, Keith W and Mayers, David Francis},
  year={2005},
  publisher={Cambridge university press}
}


@techreport{benaim2008arbitrage,
  title={An arbitrage-free method for smile extrapolation},
  author={Benaim, Shalom and Dodgson, Matthew and Kainth, Dherminder},
  year={2008},
  institution={Working Paper, QuaRC, Royal Bank of Scotland}
}


@article{floc2013tr,
  title={{TR-BDF2} for Stable American Option Pricing},
  author={{Le Floc'h}, Fabien},
  journal={Journal of Computational Finance (to appear)},
  year={2013}
}

@article{dharmaraja2009optimal,
  title={{Optimal stability for trapezoidal-backward difference split-steps}},
  author={Dharmaraja, S. and Wang, Y. and Strang, G.},
  journal={IMA Journal of Numerical Analysis},
  year={2009},
  publisher={IMA}
}

@article{bank1985transient,
  title={{Transient simulation of silicon devices and circuits}},
  author={Bank, RE and Coughran, WM and Fichtner, W. and Grosse, EH and Rose, DJ and Smith, RK},
  journal={IEEE Transactions on Computer-Aided Design of Integrated Circuits and Systems},
  volume={4},
  number={4},
  pages={436--451},
  year={1985}
}

@article{windcliff2001shout,
  title={{Shout options: A framework for pricing contracts which can be modified by the investor}},
  author={Windcliff, H. and Forsyth, PA and Vetzal, KR},
  journal={Journal of Computational and Applied Mathematics},
  volume={134},
  number={1-2},
  pages={213--241},
  year={2001},
  publisher={Elsevier}
}

@article{gourlay1980extrapolation,
  title={The extrapolation of first order methods for parabolic partial differential equations, II},
  author={Gourlay, AR and Morris, J Li},
  journal={SIAM Journal on Numerical Analysis},
  volume={17},
  number={5},
  pages={641--655},
  year={1980},
  publisher={SIAM}
}

@article{lawson1978extrapolation,
  title={The extrapolation of first order methods for parabolic partial differential equations. I},
  author={Lawson, J Douglas and Morris, J Ll},
  journal={SIAM Journal on Numerical Analysis},
  volume={15},
  number={6},
  pages={1212--1224},
  year={1978},
  publisher={SIAM}
}


@book{Le07,
  title={{Finite Difference Methods for Ordinary and Partial Differential Equations}},
  author={LeVeque, Randall J.},
  journal={Society for Industrial and Applied Mathematics (SIAM)},
  pages = {127,175},
  year={2007},
  URL = {http://www.amath.washington.edu/~rjl/fdmbook/},
  publisher={Society for Industrial and Applied Mathematics (SIAM)}
}

@article{richardson1911approximate,
  title={The approximate arithmetical solution by finite differences of physical problems involving differential equations, with an application to the stresses in a masonry dam},
  author={Richardson, Lewis Fry},
  journal={Philosophical Transactions of the Royal Society of London. Series A, Containing Papers of a Mathematical or Physical Character},
  volume={210},
  pages={307--357},
  year={1911},
  publisher={JSTOR}
}


@article{rannacher1984finite,
  title={Finite element solution of diffusion problems with irregular data},
  author={Rannacher, R.},
  journal={Numerische Mathematik},
  volume={43},
  number={2},
  pages={309--327},
  year={1984},
  publisher={Springer}
}

@article{GiCa2006,
  title={{Convergence analysis of Crank-Nicolson and Rannacher time-marching}},
  author={Giles, M.B. and Carter, R.},
  journal={Journal of Computational Finance},
  volume={9},
  number={4},
  pages={89},
  year={2006},
  publisher={RISK PUBLICATIONS}
}

@article{hagan2002managing,
  title={Managing smile risk},
  author={Hagan, Patrick S and Kumar, Deep and Lesniewski, Andrew S and Woodward, Diana E},
  journal={Wilmott magazine},
  year={2002}
}

@article{hagan2013change,
  title={Change of Variables and Conservative Numerical Schemes},
  author={Hagan, Patrick S},
  journal={Not published},
  year={2013}
}

@article{hagan2013arbitrage,
  title={Arbitrage free SABR},
  author={Hagan, Patrick S and Kumar, Deep and Lesniewski, Andrew S and Woodward, Diana E},
  journal={Not published},
  year={2013}
}

@article{andreasen2011zabr,
  title={ZABR--Expansions for the Masses},
  author={Andreasen, Jesper and Huge, Brian},
  journal={Available at SSRN 1980726},
  year={2011}
}

@article{paulot2009asymptotic,
  title={Asymptotic implied volatility at the second order with application to the SABR model},
  author={Paulot, Louis},
  journal={Available at SSRN 1413649},
  year={2009}
}

@article{obloj2008fine,
  title={Fine-tune your smile: Correction to Hagan et al},
  author={Obl{\'o}j, Jan},
  journal={Wilmott Magazine},
  volume={May/June},
  year={2008}
}

